<record><leader>00000cas a22000007a 4500</leader><controlfield tag="001">17991857</controlfield><controlfield tag="008">880524d19011906pauwr ne      0    0eng d</controlfield><datafield ind1=" " ind2=" " tag="010"><subfield code="a">sn 88080754 </subfield></datafield><datafield ind1=" " ind2=" " tag="040"><subfield code="a">NPH</subfield><subfield code="b">eng</subfield><subfield code="c">NPH</subfield><subfield code="d">OCLCQ</subfield></datafield><datafield ind1=" " ind2=" " tag="042"><subfield code="a">msc</subfield></datafield><datafield ind1="0" ind2=" " tag="130"><subfield code="a">Suburban life (Bellevue, Pa.)</subfield></datafield><datafield ind1="1" ind2="4" tag="245"><subfield code="a">The suburban life.</subfield></datafield><datafield ind1=" " ind2=" " tag="260"><subfield code="a">Bellevue, Pa. :</subfield><subfield code="b">[s.n.],</subfield><subfield code="c">1901-1906.</subfield></datafield><datafield ind1=" " ind2=" " tag="300"><subfield code="a">6 v. :</subfield><subfield code="b">ill. ;</subfield><subfield code="c">38 cm.</subfield></datafield><datafield ind1=" " ind2=" " tag="310"><subfield code="a">Weekly</subfield></datafield><datafield ind1="0" ind2=" " tag="362"><subfield code="a">Vol. 1, no. 18 (Sept. 7, 1901)-v. 6, no. 18 (Dec. 29, 1906).</subfield></datafield><datafield ind1=" " ind2=" " tag="500"><subfield code="a">"A home journal for Bellevue, Avalon, Ben Avon, Emsworth and Glenfield."</subfield></datafield><datafield ind1=" " ind2=" " tag="500"><subfield code="a">Saturday ed.: Suburban life and advertiser.</subfield></datafield><datafield ind1=" " ind2=" " tag="500"><subfield code="a">Publisher: J.W. Vickerman, &lt;1906&gt;.</subfield></datafield><datafield ind1=" " ind2=" " tag="752"><subfield code="a">United States</subfield><subfield code="b">Pennsylvania</subfield><subfield code="c">Allegheny</subfield><subfield code="d">Bellevue.</subfield></datafield><datafield ind1="1" ind2=" " tag="775"><subfield code="t">Suburban life and advertiser</subfield></datafield><datafield ind1="0" ind2="0" tag="780"><subfield code="t">Advertiser (Bellevue, Pa.)</subfield><subfield code="w">(DLC)sn 88080753</subfield></datafield><datafield ind1="0" ind2="7" tag="785"><subfield code="t">City life (Allegheny, Pa.)</subfield></datafield><datafield ind1="0" ind2="7" tag="785"><subfield code="t">City and suburban life</subfield><subfield code="w">(DLC)sn 87080257</subfield></datafield></record>